%% This BibTeX bibliography file was created using BibDesk.
%% https://bibdesk.sourceforge.io/

%% Created for Federico Vincenzo Mastellone at 2021-08-16 11:41:38 +0200 


%% Saved with string encoding Unicode (UTF-8) 



@url{bgnuclei,
	author = {Frank C. Church},
	date-added = {2021-08-16 11:35:32 +0200},
	date-modified = {2021-08-16 11:40:23 +0200},
	title = {Basal Ganglia, Nigrostriatal Pathway and Parkinson's},
	url = {https://journeywithparkinsons.com/2020/05/12/basal-ganglia-nigrostriatal-pathway-and-parkinsons/}}

@article{milardi,
	abstract = {Much of our present understanding of the function and operation of the basal ganglia rests on models of anatomical connectivity derived from tract-tracing approaches in rodents and primates. However, the last years have been characterized by promising step forwards in the in vivo investigation and comprehension of brain connectivity in humans. The aim of this review is to revise the current knowledge on basal ganglia circuits, highlighting similarities and differences across species, in order to widen the current perspective on the intricate model of the basal ganglia system. This will allow us to explore the implications of additional direct pathways running from cortex to basal ganglia and between basal ganglia and cerebellum recently described in animals and humans.},
	author = {Milardi, D. and Quartarone, A. and Bramanti, A. and Anastasi, G. and Bertino, S. and Basile, G. A. and Buonasera, P. and Pilone, G. and Celeste, G. and Rizzo, G. and Bruschetta, D. and Cacciola, A.},
	date-added = {2021-08-16 11:04:00 +0200},
	date-modified = {2021-08-16 11:41:38 +0200},
	doi = {10.3389/fnsys.2019.00061},
	issn = {1662-5137},
	journal = {Frontiers in Systems Neuroscience},
	pages = {61},
	title = {The Cortico-Basal Ganglia-Cerebellar Network: Past, Present and Future Perspectives},
	url = {https://www.frontiersin.org/article/10.3389/fnsys.2019.00061},
	volume = {13},
	year = {2019},
	Bdsk-Url-1 = {https://www.frontiersin.org/article/10.3389/fnsys.2019.00061},
	Bdsk-Url-2 = {https://doi.org/10.3389/fnsys.2019.00061}}

@article{evol,
	author = {S. Grillner and B. Robertson and M. Stephenson-Jones},
	doi = {https://doi.org/10.1113/jphysiol.2012.246660},
	journal = {J Physiol.},
	number = {Pt 22},
	pages = {5425--5431},
	title = {The evolutionary origin of the vertebrate basal ganglia and its role in action selection},
	volume = {591},
	year = {2013},
	Bdsk-Url-1 = {https://doi.org/10.1113/jphysiol.2012.246660}}

@article{simonyan,
	author = {K. Simonyan},
	doi = {10.12688/f1000research.16524.1},
	journal = {F1000Res.},
	title = {Recent advances in understanding the role of the basal ganglia},
	year = {2019},
	Bdsk-Url-1 = {https://doi.org/10.12688/f1000research.16524.1}}

@article{striatalfigure,
	author = {S. N. Haber and T. E. J. Behrens},
	doi = {10.1016/j.neuron.2014.08.031},
	journal = {Neuron},
	number = {5},
	pages = {1019-39},
	title = {The neural network underlying incentive-based learning: implications for interpreting circuit disruptions in psychiatric disorders},
	volume = {83},
	year = {2014},
	Bdsk-Url-1 = {https://doi.org/10.1016/j.neuron.2014.08.031}}

@article{utterbasso,
	author = {A. A. Utter and M. A. Basso},
	doi = {10.1016/j.neubiorev.2006.11.003},
	journal = {Neuroscience and Biobehavioral Reviews},
	pages = {333-342},
	title = {The basal ganglia: An overview of circuits and function},
	volume = {32},
	year = {2008},
	Bdsk-Url-1 = {https://doi.org/10.1016/j.neubiorev.2006.11.003}}

@article{nelsonkreitzer,
	author = {A. B. Nelson, A. C. Kreitzer},
	doi = {10.1016/j.neubiorev.2006.11.003},
	journal = {Annu. Rev. Neurosci.},
	pages = {117-135},
	title = {Reassessing Models of Basal Ganglia Function and Dysfunction},
	volume = {37},
	year = {2014},
	Bdsk-Url-1 = {https://doi.org/10.1016/j.neubiorev.2006.11.003}}

@article{oorschot,
	author = {D. E. Oorschot},
	doi = {https://doi.org/10.1002/(SICI)1096-9861(19960318)366:4<580::AID-CNE3>3.0.CO;2-0},
	journal = {The Journal of Comparative Neurology},
	number = {4},
	pages = {580-599},
	title = {Total Number of Neurons in the Neostriatal, Pallidal, Subthalamic, and Substantia Nigral Nuclei of the Rat Basal Ganglia: A Stereological Study Using the Cavalieri and Optical Disector Methods},
	volume = {366},
	year = {1996},
	Bdsk-Url-1 = {https://doi.org/10.1002/(SICI)1096-9861(19960318)366:4%3C580::AID-CNE3%3E3.0.CO;2-0}}
